
% Journals

% First the Full Name is given, then the abbreviation used in the AMS Math
% Reviews, with an indication if it could not be found there.
% Note the 2nd overwrites the 1st, so swap them if you want the full name.

 %{AMS}
 @String{AMSTrans = "American Mathematical Society Translations" }
 @String{AMSTrans = "Amer. Math. Soc. Transl." }
 @String{BullAMS = "Bulletin of the American Mathematical Society" }
 @String{BullAMS = "Bull. Amer. Math. Soc." }
 @String{ProcAMS = "Proceedings of the American Mathematical Society" }
 @String{ProcAMS = "Proc. Amer. Math. Soc." }
 @String{TransAMS = "Transactions of the American Mathematical Society" }
 @String{TransAMS = "Trans. Amer. Math. Soc." }

 %ACM
 @String{CACM = "Communications of the {ACM}" }
 @String{CACM = "Commun. {ACM}" }
 @String{CompServ = "Comput. Surveys" }
 @String{JACM = "J. ACM" }
 @String{ACMMathSoft = "{ACM} Transactions on Mathematical Software" }
 @String{ACMMathSoft = "{ACM} Trans. Math. Software" }
 @String{SIGNUM = "{ACM} {SIGNUM} Newsletter" }
 @String{SIGNUM = "{ACM} {SIGNUM} Newslett." }

 @String{AmerSocio = "American Journal of Sociology" }
 @String{AmerStatAssoc = "Journal of the American Statistical Association" }
 @String{AmerStatAssoc = "J. Amer. Statist. Assoc." }
 @String{ApplMathComp = "Applied Mathematics and Computation" }
 @String{ApplMathComp = "Appl. Math. Comput." }
 @String{AmerMathMonthly = "American Mathematical Monthly" }
 @String{AmerMathMonthly = "Amer. Math. Monthly" }
 @String{BIT = "{BIT}" }
 @String{BritStatPsych = "British Journal of Mathematical and Statistical
          Psychology" }
 @String{BritStatPsych = "Brit. J. Math. Statist. Psych." }
 @String{CanMathBull = "Canadian Mathematical Bulletin" }
 @String{CanMathBull = "Canad. Math. Bull." }
 @String{CompApplMath = "Journal of Computational and Applied Mathematics" }
 @String{CompApplMath = "J. Comput. Appl. Math." }
 @String{CompPhys = "Journal of Computational Physics" }
 @String{CompPhys = "J. Comput. Phys." }
 @String{CompStruct = "Computers and Structures" }
 @String{CompStruct = "Comput. \& Structures" }
 @String{CompJour = "The Computer Journal" }
 @String{CompJour = "Comput. J." }
 @String{CompSysSci = "Journal of Computer and System Sciences" }
 @String{CompSysSci = "J. Comput. System Sci." }
 @String{Computing = "Computing" }
 @String{ContempMath = "Contemporary Mathematics" }
 @String{ContempMath = "Contemp. Math." }
 @String{Crelle = "Crelle's Journal" }
 @String{GiornaleMath = "Giornale di Mathematiche" }
 @String{GiornaleMath = "Giorn. Mat." } % didn't find in AMS MR., ibid.

 %IEEE
 @String{Computer = "{IEEE} Computer" }
 @String{IEEETransComp = "{IEEE} Transactions on Computers" }
 @String{IEEETransComp = "{IEEE} Trans. Comput." }
 @String{IEEETransAC = "{IEEE} Transactions on Automatic Control" }
 @String{IEEETransAC = "{IEEE} Trans. Automat. Control" }
 @String{IEEESpec = "{IEEE} Spectrum" } % didn't find in AMS MR
 @String{ProcIEEE = "Proceedings of the {IEEE}" }
 @String{ProcIEEE = "Proc. {IEEE}" } % didn't find in AMS MR
 @String{IEEETransAeroElec = "{IEEE} Transactions on Aerospace and Electronic
     Systems" }
 @String{IEEETransAeroElec = "{IEEE} Trans. Aerospace Electron. Systems" }

 @String{IMANumerAna = "{IMA} Journal of Numerical Analysis" }
 @String{IMANumerAna = "{IMA} J. Numer. Anal." }
 @String{InfProcLet = "Information Processing Letters" }
 @String{InfProcLet = "Inform. Process. Lett." }
 @String{InstMathApp = "Journal of the Institute of Mathematics and
     its Applications" }
 @String{InstMathApp = "J. Inst. Math. Appl." }
 @String{IntControl = "International Journal of Control" }
 @String{IntControl = "Internat. J. Control" }
 @String{IntNumerEng = "International Journal for Numerical Methods in
     Engineering" }
 @String{IntNumerEng = "Internat. J. Numer. Methods Engrg." }
 @String{IntSuper = "International Journal of Supercomputing Applications" }
 @String{IntSuper = "Internat. J. Supercomputing Applic." } % didn't find
%% in AMS MR
 @String{Kibernetika = "Kibernetika" }
 @String{JResNatBurStand = "Journal of Research of the National Bureau
     of Standards" }
 @String{JResNatBurStand = "J. Res. Nat. Bur. Standards" }
 @String{LinAlgApp = "Linear Algebra and its Applications" }
 @String{LinAlgApp = "Linear Algebra Appl." }
 @String{MathAnaAppl = "Journal of Mathematical Analysis and Applications" }
 @String{MathAnaAppl = "J. Math. Anal. Appl." }
 @String{MathAnnalen = "Mathematische Annalen" }
 @String{MathAnnalen = "Math. Ann." }
 @String{MathPhys = "Journal of Mathematical Physics" }
 @String{MathPhys = "J. Math. Phys." }
 @String{MathComp = "Mathematics of Computation" }
 @String{MathComp = "Math. Comp." }
 @String{MathScand = "Mathematica Scandinavica" }
 @String{MathScand = "Math. Scand." }
 @String{TablesAidsComp = "Mathematical Tables and Other Aids to Computation" }
 @String{TablesAidsComp = "Math. Tables Aids Comput." }
 @String{NumerMath = "Numerische Mathematik" }
 @String{NumerMath = "Numer. Math." }
 @String{PacificMath = "Pacific Journal of Mathematics" }
 @String{PacificMath = "Pacific J. Math." }
 @String{ParDistComp = "Journal of Parallel and Distributed Computing" }
 @String{ParDistComp = "J. Parallel and Distrib. Comput." } % didn't find
%% in AMS MR
 @String{ParComputing = "Parallel Computing" }
 @String{ParComputing = "Parallel Comput." }
 @String{PhilMag = "Philosophical Magazine" }
 @String{PhilMag = "Philos. Mag." }
 @String{ProcNAS = "Proceedings of the National Academy of Sciences
                    of the USA" }
 @String{ProcNAS = "Proc. Nat. Acad. Sci. U. S. A." }
 @String{Psychometrika = "Psychometrika" }
 @String{QuartMath = "Quarterly Journal of Mathematics, Oxford, Series (2)" }
 @String{QuartMath = "Quart. J. Math. Oxford Ser. (2)" }
 @String{QuartApplMath = "Quarterly of Applied Mathematics" }
 @String{QuartApplMath = "Quart. Appl. Math." }
 @String{RevueInstStat = "Review of the International Statisical Institute" }
 @String{RevueInstStat = "Rev. Inst. Internat. Statist." }

 %SIAM
 @String{JSIAM = "Journal of the Society for Industrial and Applied
     Mathematics" }
 @String{JSIAM = "J. Soc. Indust. Appl. Math." }
 @String{JSIAMB = "Journal of the Society for Industrial and Applied
     Mathematics, Series B, Numerical Analysis" }
 @String{JSIAMB = "J. Soc. Indust. Appl. Math. Ser. B Numer. Anal." }
 @String{SIAMAlgMeth = "{SIAM} Journal on Algebraic and Discrete Methods" }
 @String{SIAMAlgMeth = "{SIAM} J. Algebraic Discrete Methods" }
 @String{SIAMAppMath = "{SIAM} Journal on Applied Mathematics" }
 @String{SIAMAppMath = "{SIAM} J. Appl. Math." }
 @String{SIAMComp = "{SIAM} Journal on Computing" }
 @String{SIAMComp = "{SIAM} J. Comput." }
 @String{SIAMMatrix = "{SIAM} Journal on Matrix Analysis and Applications" }
 @String{SIAMMatrix = "{SIAM} J. Matrix Anal. Appl." }
 @String{SIAMNumAnal = "{SIAM} Journal on Numerical Analysis" }
 @String{SIAMNumAnal = "{SIAM} J. Numer. Anal." }
 @String{SIAMReview = "{SIAM} Review" }
 @String{SIAMReview = "{SIAM} Rev." }
 @String{SIAMSciStat = "{SIAM} Journal on Scientific and Statistical
     Computing" }
 @String{SIAMSciStat = "{SIAM} J. Sci. Statist. Comput." }

 @String{SoftPracExp = "Software Practice and Experience" }
 @String{SoftPracExp = "Software Prac. Experience" } % didn't find in AMS MR
 @String{StatScience = "Statistical Science" }
 @String{StatScience = "Statist. Sci." }
 @String{Techno = "Technometrics" }
 @String{USSRCompMathPhys = "{USSR} Computational Mathematics and Mathematical
     Physics" }
 @String{USSRCompMathPhys = "{U. S. S. R.} Comput. Math. and Math. Phys." }
 @String{VLSICompSys = "Journal of {VLSI} and Computer Systems" }
 @String{VLSICompSys = "J. {VLSI} Comput. Syst." }
 @String{ZAngewMathMech = "Zeitschrift fur Angewandte Mathematik und
     Mechanik" }
 @String{ZAngewMathMech = "Z. Angew. Math. Mech." }
 @String{ZAngewMathPhys = "Zeitschrift fur Angewandte Mathematik und Physik" }
 @String{ZAngewMathPhys = "Z. Angew. Math. Phys." }

% Publishers % ================================================= |

 @String{Academic = "Academic Press" }
 @String{ACMPress = "{ACM} Press" }
 @String{AdamHilger = "Adam Hilger" }
 @String{AddisonWesley = "Addison-Wesley" }
 @String{AllynBacon = "Allyn and Bacon" }
 @String{AMS = "American Mathematical Society" }
 @String{Birkhauser = "Birkha{\"u}ser" }
 @String{CambridgePress = "Cambridge University Press" }
 @String{Chelsea = "Chelsea" }
 @String{ClaredonPress = "Claredon Press" }
 @String{DoverPub = "Dover Publications" }
 @String{Eyolles = "Eyolles" }
 @String{HoltRinehartWinston = "Holt, Rinehart and Winston" }
 @String{Interscience = "Interscience" }
 @String{JohnsHopkinsPress = "The Johns Hopkins University Press" }
 @String{JohnWileySons = "John Wiley and Sons" }
 @String{Macmillan = "Macmillan" }
 @String{MathWorks = "The Math Works Inc." }
 @String{McGrawHill = "McGraw-Hill" }
 @String{NatBurStd = "National Bureau of Standards" }
 @String{NorthHolland = "North-Holland" }
 @String{OxfordPress = "Oxford University Press" }  %address Oxford or London?
 @String{PergamonPress = "Pergamon Press" }
 @String{PlenumPress = "Plenum Press" }
 @String{PrenticeHall = "Prentice-Hall" }
 @String{SIAMPub = "{SIAM} Publications" }
 @String{Springer = "Springer-Verlag" }
 @String{TexasPress = "University of Texas Press" }
 @String{VanNostrand = "Van Nostrand" }
 @String{WHFreeman = "W. H. Freeman and Co." }

%Entries

@article{leitner2020dataset,
  title={A dataset of german legal documents for named entity recognition},
  author={Leitner, Elena and Rehm, Georg and Moreno-Schneider, Juli{\'a}n},
  journal={arXiv preprint arXiv:2003.13016},
  year={2020}
}
@article{chan2020german,
  title={German's next language model},
  author={Chan, Branden and Schweter, Stefan and M{\"o}ller, Timo},
  journal={arXiv preprint arXiv:2010.10906},
  year={2020}
}
@inproceedings{ostendorff2020towards,
  title={Towards an open platform for legal information},
  author={Ostendorff, Malte and Blume, Till and Ostendorff, Saskia},
  booktitle={Proceedings of the ACM/IEEE Joint Conference on Digital Libraries in 2020},
  pages={385--388},
  year={2020}
}
@article{vaswani2017attention,
  title={Attention is all you need},
  author={Vaswani, Ashish and Shazeer, Noam and Parmar, Niki and Uszkoreit, Jakob and Jones, Llion and Gomez, Aidan N and Kaiser, {\L}ukasz and Polosukhin, Illia},
  journal={Advances in neural information processing systems},
  volume={30},
  year={2017}
}

@inproceedings{inproceedings,
author = {Urchs, Stefanie and Mitrović, Jelena and Granitzer, Michael},
year = {2021},
month = {01},
pages = {515-521},
title = {Design and Implementation of German Legal Decision Corpora},
doi = {10.5220/0010187305150521}
}
@article{sang2003introduction,
  title={Introduction to the CoNLL-2003 shared task: Language-independent named entity recognition},
  author={Sang, Erik F and De Meulder, Fien},
  journal={arXiv preprint cs/0306050},
  year={2003}
}
@inproceedings{urchs2020towards,
  title={Towards classifying parts of german legal writing styles in german legal judgments},
  author={Urchs, Stefanie and Mitrovi{\'c}, Jelena and Granitzer, Michael},
  booktitle={2020 10th International Conference on Advanced Computer Information Technologies (ACIT)},
  pages={451--454},
  year={2020},
  organization={IEEE}
}
@inproceedings{10.1145/41735.41743,
author = {Rissland, E. L. and Ashley, K. D.},
title = {A Case-Based System for Trade Secrets Law},
year = {1987},
isbn = {0897912306},
publisher = {Association for Computing Machinery},
address = {New York, NY, USA},
url = {https://doi.org/10.1145/41735.41743},
doi = {10.1145/41735.41743},
abstract = {In this paper, we give an overview of our case-based reasoning program, HYPO, which operates in the field of trade secret law. We discuss key ingredients of case-based reasoning, in general, and the correspondence of these to elements of HYPO. We conclude with an extended example of HYPO working through a hypothetical trade secrets case, patterned after an actual case.},
booktitle = {Proceedings of the 1st International Conference on Artificial Intelligence and Law},
pages = {60–66},
numpages = {7},
location = {Boston, Massachusetts, USA},
series = {ICAIL '87}
}
@article{governatori2022thirty,
  title={Thirty years of Artificial Intelligence and Law: the first decade},
  author={Governatori, Guido and Bench-Capon, Trevor and Verheij, Bart and Araszkiewicz, Micha{\l} and Francesconi, Enrico and Grabmair, Matthias},
  journal={Artificial Intelligence and Law},
  volume={30},
  number={4},
  pages={481--519},
  year={2022},
  publisher={Springer}
}
@conference{icaart23,
    author={Harshil Darji and Jelena Mitrović and Michael Granitzer},
    title={German BERT Model for Legal Named Entity Recognition},
    booktitle={Proceedings of the 15th International Conference on Agents and Artificial Intelligence - Volume 3: ICAART},
    year={2023},
    pages={723-728},
    publisher={SciTePress},
    organization={INSTICC},
    doi={10.5220/0011749400003393},
    isbn={978-989-758-623-1},
    issn={2184-433X}
}
@article{xiao2018cail2018,
  title={Cail2018: A large-scale legal dataset for judgment prediction},
  author={Xiao, Chaojun and Zhong, Haoxi and Guo, Zhipeng and Tu, Cunchao and Liu, Zhiyuan and Sun, Maosong and Feng, Yansong and Han, Xianpei and Hu, Zhen and Wang, Heng and others},
  journal={arXiv preprint arXiv:1807.02478},
  year={2018}
}
@article{bradford2019competition,
  title={Competition law gone global: Introducing the comparative competition law and enforcement datasets},
  author={Bradford, Anu and Chilton, Adam S and Megaw, Christopher and Sokol, Nathaniel},
  journal={Journal of Empirical Legal Studies},
  volume={16},
  number={2},
  pages={411--443},
  year={2019},
  publisher={Wiley Online Library}
}
@inproceedings{DBLP:conf/ic3k/MilzGM21,
  author    = {Tobias Milz and
               Michael Granitzer and
               Jelena Mitrovic},
  editor    = {Rita Cucchiara and
               Ana L. N. Fred and
               Joaquim Filipe},
  title     = {Analysis of a German Legal Citation Network},
  booktitle = {Proceedings of the 13th International Joint Conference on Knowledge
               Discovery, Knowledge Engineering and Knowledge Management, {IC3K}
               2021, Volume 1: KDIR, Online Streaming, October 25-27, 2021},
  pages     = {147--154},
  publisher = {{SCITEPRESS}},
  year      = {2021},
  url       = {https://doi.org/10.5220/0010650800003064},
  doi       = {10.5220/0010650800003064},
  timestamp = {Fri, 19 Nov 2021 13:50:21 +0100},
  biburl    = {https://dblp.org/rec/conf/ic3k/MilzGM21.bib},
  bibsource = {dblp computer science bibliography, https://dblp.org}
}
@inproceedings{kim2015legal,
  title={Legal question answering using ranking svm and syntactic/semantic similarity},
  author={Kim, Mi-Young and Xu, Ying and Goebel, Randy},
  booktitle={New Frontiers in Artificial Intelligence: JSAI-isAI 2014 Workshops, LENLS, JURISIN, and GABA, Kanagawa, Japan, October 27--28, 2014, Revised Selected Papers},
  pages={244--258},
  year={2015},
  organization={Springer}
}
@article{das2020novel,
  title={A novel approach for automatic Bengali question answering system using semantic similarity analysis},
  author={Das, Arijit and Mandal, Jaydeep and Danial, Zargham and Pal, Alok and Saha, Diganta},
  journal={International Journal of Speech Technology},
  volume={23},
  pages={873--884},
  year={2020},
  publisher={Springer}
}
@article{priyantina2019sentiment,
  title={Sentiment analysis of hotel reviews using Latent Dirichlet Allocation, semantic similarity and LSTM},
  author={Priyantina, Reza Amalia and Sarno, Riyanarto},
  journal={Int. J. Intell. Eng. Syst},
  volume={12},
  number={4},
  pages={142--155},
  year={2019}
}
@article{madani2019sentiment,
  title={Sentiment analysis using semantic similarity and Hadoop MapReduce},
  author={Madani, Youness and Erritali, Mohammed and Bengourram, Jamaa},
  journal={Knowledge and Information Systems},
  volume={59},
  pages={413--436},
  year={2019},
  publisher={Springer}
}
@article{wieting2019beyond,
  title={Beyond BLEU: training neural machine translation with semantic similarity},
  author={Wieting, John and Berg-Kirkpatrick, Taylor and Gimpel, Kevin and Neubig, Graham},
  journal={arXiv preprint arXiv:1909.06694},
  year={2019}
}
@article{nagwani2011frequent,
  title={A frequent term and semantic similarity based single document text summarization algorithm},
  author={Nagwani, Naresh Kumar and Verma, Shrish},
  journal={International Journal of Computer Applications},
  volume={17},
  number={2},
  pages={36--40},
  year={2011}
}
@incollection{HAN201239,
title = {2 - Getting to Know Your Data},
editor = {Jiawei Han and Micheline Kamber and Jian Pei},
booktitle = {Data Mining (Third Edition)},
publisher = {Morgan Kaufmann},
edition = {Third Edition},
address = {Boston},
pages = {39-82},
year = {2012},
series = {The Morgan Kaufmann Series in Data Management Systems},
isbn = {978-0-12-381479-1},
doi = {https://doi.org/10.1016/B978-0-12-381479-1.00002-2},
url = {https://www.sciencedirect.com/science/article/pii/B9780123814791000022},
author = {Jiawei Han and Micheline Kamber and Jian Pei}
}
@article{darji_mitrović_granitzer, title={Exploring Semantic Similarity between German Legal Texts and Referred Laws}, journal={Communications in Computer and Information Science}, author={Darji, Harshil and Mitrović, Jelena and Granitzer, Michael}, year = {2023}, publisher = {Springer}} 