@inproceedings{grishman1996message,
  title={Message understanding conference-6: A brief history},
  author={Grishman, Ralph and Sundheim, Beth M},
  booktitle={COLING 1996 Volume 1: The 16th International Conference on Computational Linguistics},
  year={1996}
}
@inproceedings{benikova2014nosta,
  title={NoSta-D Named Entity Annotation for German: Guidelines and Dataset.},
  author={Benikova, Darina and Biemann, Chris and Reznicek, Marc},
  booktitle={LREC},
  pages={2524--2531},
  year={2014}
}
@inproceedings{mayfield2003named,
  title={Named entity recognition using hundreds of thousands of features},
  author={Mayfield, James and McNamee, Paul and Piatko, Christine},
  booktitle={Proceedings of the seventh conference on Natural language learning at HLT-NAACL 2003},
  pages={184--187},
  year={2003}
}
@inproceedings{leitner2019fine,
  title={Fine-grained named entity recognition in legal documents},
  author={Leitner, Elena and Rehm, Georg and Moreno-Schneider, Julian},
  booktitle={International Conference on Semantic Systems},
  pages={272--287},
  year={2019},
  organization={Springer}
}
@inproceedings{finkel2005incorporating,
  title={Incorporating non-local information into information extraction systems by gibbs sampling},
  author={Finkel, Jenny Rose and Grenager, Trond and Manning, Christopher D},
  booktitle={Proceedings of the 43rd annual meeting of the association for computational linguistics (ACL’05)},
  pages={363--370},
  year={2005}
}
@article{lample2016neural,
  title={Neural architectures for named entity recognition},
  author={Lample, Guillaume and Ballesteros, Miguel and Subramanian, Sandeep and Kawakami, Kazuya and Dyer, Chris},
  journal={arXiv preprint arXiv:1603.01360},
  year={2016}
}
@inproceedings{jia2020entity,
  title={Entity enhanced BERT pre-training for Chinese NER},
  author={Jia, Chen and Shi, Yuefeng and Yang, Qinrong and Zhang, Yue},
  booktitle={Proceedings of the 2020 Conference on Empirical Methods in Natural Language Processing (EMNLP)},
  pages={6384--6396},
  year={2020}
}
@article{taher2020beheshti,
  title={Beheshti-NER: Persian named entity recognition using BERT},
  author={Taher, Ehsan and Hoseini, Seyed Abbas and Shamsfard, Mehrnoush},
  journal={arXiv preprint arXiv:2003.08875},
  year={2020}
}
@article{souza2019portuguese,
  title={Portuguese named entity recognition using BERT-CRF},
  author={Souza, F{\'a}bio and Nogueira, Rodrigo and Lotufo, Roberto},
  journal={arXiv preprint arXiv:1909.10649},
  year={2019}
}
@article{silveira2021topic,
  title={Topic modelling of legal documents via legal-bert},
  author={Silveira, Raquel and Fernandes, CG and Neto, Jo{\~a}o A Monteiro and Furtado, Vasco and Pimentel Filho, Jos{\'e} Ernesto},
  journal={Proceedings http://ceur-ws org ISSN},
  volume={1613},
  pages={0073},
  year={2021}
}
@inproceedings{shao2020bert,
  title={BERT-PLI: Modeling Paragraph-Level Interactions for Legal Case Retrieval.},
  author={Shao, Yunqiu and Mao, Jiaxin and Liu, Yiqun and Ma, Weizhi and Satoh, Ken and Zhang, Min and Ma, Shaoping},
  booktitle={IJCAI},
  pages={3501--3507},
  year={2020}
}
@article{leitner2020dataset,
  title={A dataset of german legal documents for named entity recognition},
  author={Leitner, Elena and Rehm, Georg and Moreno-Schneider, Juli{\'a}n},
  journal={arXiv preprint arXiv:2003.13016},
  year={2020}
}
@inproceedings{benikova2015c,
  title={C.: Germaner: Free open german named entity recognition tool},
  author={Benikova, Darina and Muhie, Seid and Prabhakaran, Yimam and Biemann, Santhanam Chris},
  booktitle={In: Proc. GSCL-2015},
  year={2015},
  organization={Citeseer}
}
@article{huang2015bidirectional,
  title={Bidirectional LSTM-CRF models for sequence tagging},
  author={Huang, Zhiheng and Xu, Wei and Yu, Kai},
  journal={arXiv preprint arXiv:1508.01991},
  year={2015}
}
@article{morwal2012named,
  title={Named entity recognition using hidden Markov model (HMM)},
  author={Morwal, Sudha and Jahan, Nusrat and Chopra, Deepti},
  journal={International Journal on Natural Language Computing (IJNLC) Vol},
  volume={1},
  year={2012}
}
@article{li2020wcp,
  title={WCP-RNN: a novel RNN-based approach for Bio-NER in Chinese EMRs},
  author={Li, Jianqiang and Zhao, Shenhe and Yang, Jijiang and Huang, Zhisheng and Liu, Bo and Chen, Shi and Pan, Hui and Wang, Qing},
  journal={The journal of supercomputing},
  volume={76},
  number={3},
  pages={1450--1467},
  year={2020},
  publisher={Springer}
}
@article{chowdhury2018multitask,
  title={A multitask bi-directional RNN model for named entity recognition on Chinese electronic medical records},
  author={Chowdhury, Shanta and Dong, Xishuang and Qian, Lijun and Li, Xiangfang and Guan, Yi and Yang, Jinfeng and Yu, Qiubin},
  journal={BMC bioinformatics},
  volume={19},
  number={17},
  pages={75--84},
  year={2018},
  publisher={Springer}
}
@article{vaswani2017attention,
  title={Attention is all you need},
  author={Vaswani, Ashish and Shazeer, Noam and Parmar, Niki and Uszkoreit, Jakob and Jones, Llion and Gomez, Aidan N and Kaiser, {\L}ukasz and Polosukhin, Illia},
  journal={Advances in neural information processing systems},
  volume={30},
  year={2017}
}
@article{devlin2018bert,
  title={Bert: Pre-training of deep bidirectional transformers for language understanding},
  author={Devlin, Jacob and Chang, Ming-Wei and Lee, Kenton and Toutanova, Kristina},
  journal={arXiv preprint arXiv:1810.04805},
  year={2018}
}
@article{liu2019roberta,
  title={Roberta: A robustly optimized bert pretraining approach},
  author={Liu, Yinhan and Ott, Myle and Goyal, Naman and Du, Jingfei and Joshi, Mandar and Chen, Danqi and Levy, Omer and Lewis, Mike and Zettlemoyer, Luke and Stoyanov, Veselin},
  journal={arXiv preprint arXiv:1907.11692},
  year={2019}
}
@inproceedings{labusch2019bert,
  title={BERT for named entity recognition in contemporary and historical German},
  author={Labusch, Kai and Kulturbesitz, Preu{\ss}ischer and Neudecker, Clemens and Zellh{\"o}fer, David},
  booktitle={Proceedings of the 15th conference on natural language processing},
  pages={9--11},
  year={2019}
}
@inproceedings{wehnert2021legal,
  title={Legal norm retrieval with variations of the bert model combined with tf-idf vectorization},
  author={Wehnert, Sabine and Sudhi, Viju and Dureja, Shipra and Kutty, Libin and Shahania, Saijal and De Luca, Ernesto W},
  booktitle={Proceedings of the eighteenth international conference on artificial intelligence and law},
  pages={285--294},
  year={2021}
}
@incollection{dozier2010named,
  title={Named entity recognition and resolution in legal text},
  author={Dozier, Christopher and Kondadadi, Ravikumar and Light, Marc and Vachher, Arun and Veeramachaneni, Sriharsha and Wudali, Ramdev},
  booktitle={Semantic Processing of Legal Texts},
  pages={27--43},
  year={2010},
  publisher={Springer}
}
@inproceedings{luz2018lener,
  title={LeNER-Br: a dataset for named entity recognition in Brazilian legal text},
  author={Luz de Araujo, Pedro Henrique and Campos, Te{\'o}filo E de and de Oliveira, Renato RR and Stauffer, Matheus and Couto, Samuel and Bermejo, Paulo},
  booktitle={International Conference on Computational Processing of the Portuguese Language},
  pages={313--323},
  year={2018},
  organization={Springer}
}
@article{junior2015paramopama,
  title={Paramopama: a Brazilian-Portuguese corpus for named entity recognition},
  author={J{\'u}nior, C Mendon{\c{c}}a and Macedo, Hendrik and Bispo, Thiago and Santos, Fl{\'a}vio and Silva, Nayara and Barbosa, Luciano},
  journal={Encontro Nac. de Int. Artificial e Computacional},
  year={2015}
}
@inproceedings{puaiș2021named,
  title={Named entity recognition in the Romanian legal domain},
  author={P{\u{a}}iș, Vasile and Mitrofan, Maria and Gasan, Carol Luca and Coneschi, Vlad and Ianov, Alexandru},
  booktitle={Proceedings of the Natural Legal Language Processing Workshop 2021},
  pages={9--18},
  year={2021}
}
@article{paislegalnero,
  title={LegalNERo: A linked corpus for named entity recognition in the Romanian legal domain},
  author={Pais, Vasile and Mitrofan, Maria and Gasan, Carol Luca and Ianov, Alexandru and Ghit, Corvin and Coneschi, Vlad Silviu and Onut, Andrei}
}
@article{tufics2019little,
  title={Little strokes fell great oaks: creating CoRoLa, the reference corpus of contemporary Romanian},
  author={Tufi{\c{s}}, Dan and Barbu Mititelu, Verginica and Irimia, Elena and P{\u{a}}i{\c{s}}, Vasile and Ion, Radu and Diewald, Nils and Mitrofan, Maria and Onofrei, Mihaela},
  year={2019},
  publisher={Editura Academiei Rom{\^a}ne}
}
@inproceedings{varadi2020marcell,
  title={The MARCELL legislative corpus},
  author={V{\'a}radi, Tam{\'a}s and Koeva, Svetla and Yamalov, Martin and Tadi{\'c}, Marko and Sass, B{\'a}lint and Nito{\'n}, Bart{\l}omiej and Ogrodniczuk, Maciej and P{\k{e}}zik, Piotr and Mititelu, Verginica Barbu and Ion, Radu and others},
  booktitle={Proceedings of the 12th Language Resources and Evaluation Conference},
  pages={3761--3768},
  year={2020}
}
@article{ccetindaug2022named,
  title={Named-entity recognition in Turkish legal texts},
  author={{\c{C}}etinda{\u{g}}, Can and Yaz{\i}c{\i}o{\u{g}}lu, Berkay and Ko{\c{c}}, Aykut},
  journal={Natural Language Engineering},
  pages={1--28},
  year={2022},
  publisher={Cambridge University Press}
}
@inproceedings{bonifacio2020study,
  title={A study on the impact of intradomain finetuning of deep language models for legal named entity recognition in Portuguese},
  author={Bonifacio, Luiz Henrique and Vilela, Paulo Arantes and Lobato, Gustavo Rocha and Fernandes, Eraldo Rezende},
  booktitle={Brazilian Conference on Intelligent Systems},
  pages={648--662},
  year={2020},
  organization={Springer}
}
@inproceedings{freitas2010second,
  title={Second HAREM: advancing the state of the art of named entity recognition in Portuguese},
  author={Freitas, Cl{\'a}udia and Carvalho, Paula and Gon{\c{c}}alo Oliveira, Hugo and Mota, Cristina and Santos, Diana},
  booktitle={quot; In Nicoletta Calzolari; Khalid Choukri; Bente Maegaard; Joseph Mariani; Jan Odijk; Stelios Piperidis; Mike Rosner; Daniel Tapias (ed) Proceedings of the International Conference on Language Resources and Evaluation (LREC 2010)(Valletta 17-23 May de 2010) European Language Resources Association},
  year={2010},
  organization={European Language Resources Association}
}

@article{sarzynska2021detecting,
  title={Detecting formal thought disorder by deep contextualized word representations},
  author={Sarzynska-Wawer, Justyna and Wawer, Aleksander and Pawlak, Aleksandra and Szymanowska, Julia and Stefaniak, Izabela and Jarkiewicz, Michal and Okruszek, Lukasz},
  journal={Psychiatry Research},
  volume={304},
  pages={114135},
  year={2021},
  publisher={Elsevier}
}
@inproceedings{pennington2014glove,
  title={Glove: Global vectors for word representation},
  author={Pennington, Jeffrey and Socher, Richard and Manning, Christopher D},
  booktitle={Proceedings of the 2014 conference on empirical methods in natural language processing (EMNLP)},
  pages={1532--1543},
  year={2014}
}
@inproceedings{gu2020named,
  title={Named entity recognition in judicial field based on BERT-BiLSTM-CRF model},
  author={Gu, Lu and Zhang, Wenjing and Wang, Yao and Li, Bo and Mao, Song},
  booktitle={2020 International Workshop on Electronic Communication and Artificial Intelligence (IWECAI)},
  pages={170--174},
  year={2020},
  organization={IEEE}
}
@inproceedings{aibek2020named,
  title={Named Entity Recognition Algorithms Comparison For Judicial Text Data},
  author={Aibek, Kuralbayev and Bobur, Mukhsimbayev and Abay, Bekbaganbetov and Hajiyev, Fuad},
  booktitle={2020 IEEE 14th International Conference on Application of Information and Communication Technologies (AICT)},
  pages={1--5},
  year={2020},
  organization={IEEE}
}
@inproceedings{zanuz2022fostering,
  title={Fostering Judiciary Applications with New Fine-Tuned Models for Legal Named Entity Recognition in Portuguese},
  author={Zanuz, Luciano and Rigo, Sandro Jos{\'e}},
  booktitle={International Conference on Computational Processing of the Portuguese Language},
  pages={219--229},
  year={2022},
  organization={Springer}
}
@article{sang2003introduction,
  title={Introduction to the CoNLL-2003 shared task: Language-independent named entity recognition},
  author={Sang, Erik F and De Meulder, Fien},
  journal={arXiv preprint cs/0306050},
  year={2003}
}
@article{lafferty2001conditional,
  title={Conditional random fields: Probabilistic models for segmenting and labeling sequence data},
  author={Lafferty, John and McCallum, Andrew and Pereira, Fernando CN},
  year={2001}
}
@article{chan2020german,
  title={German's next language model},
  author={Chan, Branden and Schweter, Stefan and M{\"o}ller, Timo},
  journal={arXiv preprint arXiv:2010.10906},
  year={2020}
}
@online{gbert,
  author = {deepset},
  title = {Open Sourcing German BERT Model},
  year = 2020,
  url = {https://www.deepset.ai/german-bert}
}
@article{chalkidis2021neural,
  title={Neural Contract Element Extraction Revisited: Letters from Sesame Street},
  author={Chalkidis, Ilias and Fergadiotis, Manos and Malakasiotis, Prodromos and Androutsopoulos, Ion},
  journal={arXiv preprint arXiv:2101.04355},
  year={2021}
}